@InProceedings{he_et_al:LIPIcs.SEA.2023.19,
  author =	{He, Meng and Liu, Zhen},
  title =	{{Exact and Approximate Range Mode Query Data Structures in Practice}},
  booktitle =	{21st International Symposium on Experimental Algorithms (SEA 2023)},
  pages =	{19:1--19:22},
  series =	{Leibniz International Proceedings in Informatics (LIPIcs)},
  ISBN =	{978-3-95977-279-2},
  ISSN =	{1868-8969},
  year =	{2023},
  volume =	{265},
  editor =	{Georgiadis, Loukas},
  publisher =	{Schloss Dagstuhl -- Leibniz-Zentrum f{\"u}r Informatik},
  address =	{Dagstuhl, Germany},
  URL =		{https://drops.dagstuhl.de/entities/document/10.4230/LIPIcs.SEA.2023.19},
  URN =		{urn:nbn:de:0030-drops-183693},
  doi =		{10.4230/LIPIcs.SEA.2023.19},
  annote =	{Keywords: range mode query, exact range mode query, approximate range mode query}
}

@article{chan2014linear,
  title={Linear-space data structures for range mode query in arrays},
  author={Chan, Timothy M and Durocher, Stephane and Larsen, Kasper Green and Morrison, Jason and Wilkinson, Bryan T},
  journal={Theory of Computing Systems},
  volume={55},
  number={4},
  pages={719--741},
  year={2014},
  publisher={Springer}
}

@inproceedings{chan2012linear,
  title={Linear-space data structures for range minority query in arrays},
  author={Chan, Timothy M and Durocher, Stephane and Skala, Matthew and Wilkinson, Bryan T},
  booktitle={Scandinavian Workshop on Algorithm Theory},
  pages={295--306},
  year={2012},
  organization={Springer}
}

@article{gu2021faster,
  title={Faster monotone min-plus product, range mode, and single source replacement paths},
  author={Gu, Yuzhou and Polak, Adam and Williams, Virginia Vassilevska and Xu, Yinzhan},
  journal={arXiv preprint arXiv:2105.02806},
  year={2021}
}